@book{bringhurst:elements,
    author    = {Bringhurst, Robert},
    title     = {The Elements of Typographic Style},
    publisher = {Hartley \& Marks},
    year      = {1992},
    location  = {Point Roberts, Washington, USA}
}


@manual{miede:classicthesis,
	author    = {Miede, Andr\'e},
	title     = {A Classic Thesis style},
	year      = {2016},
	url       = {http://www.ctan.org/tex-archive/macros/latex/contrib/classicthesis/ClassicThesis.pdf}
}


@manual{pantieri:arte,
	author    = {Pantieri, Lorenzo and Gordini, Tommaso},
	title     = {L'arte di scrivere con \LaTeX},
	year      = {2017},
	url       = {http://www.lorenzopantieri.net/LaTeX_files/ArteLaTeX.pdf},
}


@manual{pantieri:latexpedia,
	author    = {Pantieri, Lorenzo},
	title     = {\LaTeX\-pedia},
	year      = {2017},
	url       = {http://www.lorenzopantieri.net/LaTeX_files/LaTeXpedia.pdf},
}


@manual{pantieri:impaziente,
	author    = {Pantieri, Lorenzo},
	title     = {\LaTeX{} per l'impaziente},
	year      = {2017},
	url       = {http://www.lorenzopantieri.net/LaTeX_files/LaTeXimpaziente.pdf},
}
