@book{ws:rev,
 author={Sabine, Wallace Clement},
 title={Collected papers on acoustics},
 year={1921}
}

@article{ms:rev62,
author={Schroeder, Manfred Robert},
 title={Natural Sounding Artificial Reverberation},
 journal={Journal of the Audio Engineering Society},
 year={1962}
}

@article{ms:rev64,
 author={Schroeder, Manfred Robert},
 title={New Method of Measuring Reverberation Time},
 journal={Acoustical Society of America},
 year={1964}
}

@article{jm:rev,
 author={Moorer, James A.},
 title={About This Reverberation Business},
 year={1972}
}
